<?xml version="1.0" encoding="UTF-8"?><record xmlns="http://www.loc.gov/MARC21/slim" xmlns:cinclude="http://apache.org/cocoon/include/1.0" xmlns:zs="http://www.loc.gov/zing/srw/">
  <leader>00500nz  a2200145n  4500</leader>
  <controlfield tag="001">n 2008183491</controlfield>
  <controlfield tag="003">DLC</controlfield>
  <controlfield tag="005">20080814075608.0</controlfield>
  <controlfield tag="008">080813n| acannaabn          |n aaa      </controlfield>
  <datafield tag="010" ind1=" " ind2=" ">
    <subfield code="a">n 2008183491</subfield>
  </datafield>
  <datafield tag="035" ind1=" " ind2=" ">
    <subfield code="a">(DNLM)1420924</subfield>
  </datafield>
  <datafield tag="040" ind1=" " ind2=" ">
    <subfield code="a">DNLM</subfield>
    <subfield code="b">eng</subfield>
    <subfield code="c">DNLM</subfield>
  </datafield>
  <datafield tag="100" ind1="1" ind2=" ">
    <subfield code="a">Wright, William E.</subfield>
    <subfield code="q">(William Evan),</subfield>
    <subfield code="d">1946-</subfield>
  </datafield>
  <datafield tag="670" ind1=" " ind2=" ">
    <subfield code="a">Couturier's occupational and environmental infectious diseases, c2009:</subfield>
    <subfield code="b">ECIP t.p. (William E. Wright)</subfield>
  </datafield>
  <datafield tag="670" ind1=" " ind2=" ">
    <subfield code="a">Pub. email, Aug. 11, 2008:</subfield>
    <subfield code="b">(William Evan Wright, b. Aug. 1, 1946)</subfield>
  </datafield>
</record>